@book{cormen2023,
  title = {Introduzione agli algoritmi e strutture dati},
  author = {Thomas H. Cormen and Charles E. Leiserson and Ronald L. Rivest},
  year = {2023},
  publisher = {McGraw-Hill Education},
}